<?xml version="1.0" encoding="UTF-8"?><collection xmlns="http://www.loc.gov/MARC21/slim"><record><leader>00396nam--2200145-i-4500</leader><controlfield tag="001">000017525</controlfield><controlfield tag="002">20161230</controlfield><controlfield tag="005">20161230201032</controlfield><controlfield tag="008">060222s1000------------r-----000-0-eng-d</controlfield><datafield ind1=" " ind2=" " tag="080"><subfield code="a">621.59(082.1)</subfield></datafield><datafield ind1=" " ind2=" " tag="245"><subfield code="a">Advances in cryogenic engineering</subfield></datafield><datafield ind1=" " ind2=" " tag="260"><subfield code="a">New York, Planum Press, 1960-</subfield></datafield><datafield ind1=" " ind2=" " tag="490"><subfield code="a">A Cryogenic Engineering Conference Publica- Tions</subfield></datafield><datafield ind1=" " ind2=" " tag="700"><subfield code="a">Timmerhaus, K. D</subfield></datafield><datafield ind1=" " ind2=" " tag="852"><subfield code="a">15912</subfield></datafield></record></collection>